<record xmlns="http://www.loc.gov/MARC21/slim" xmlns:xsi="http://www.w3.org/2001/XMLSchema-instance" xsi:schemaLocation="http://www.loc.gov/MARC21/slim http://www.loc.gov/standards/marcxml/schema/MARC21slim.xsd"><leader>01024cz   2200289n  4500</leader><controlfield tag="001">DNB|102377995</controlfield><controlfield tag="003">DNB</controlfield><controlfield tag="005">19960808163853.0</controlfield><controlfield tag="008">930416|||az|nnaa|||||||||||| a|aaa|||| d</controlfield><datafield ind1="7" ind2=" " tag="016"><subfield code="a">102377995</subfield><subfield code="2">GyFmDB</subfield></datafield><datafield ind1=" " ind2=" " tag="040"><subfield code="a">0000</subfield><subfield code="b">ger</subfield><subfield code="d">9999</subfield><subfield code="f">RAK-PND</subfield></datafield><datafield ind1="1" ind2=" " tag="045"><subfield code="b">d1. Jh. n. Chr.</subfield></datafield><datafield ind1="0" ind2=" " tag="100"><subfield code="a">Adaeus,</subfield><subfield code="c">Macedo</subfield><subfield code="d">1. Jh. n. Chr.</subfield></datafield><datafield ind1="0" ind2=" " tag="400"><subfield code="a">Adaeus,</subfield><subfield code="c">Epigrammaticus</subfield><subfield code="d">1. Jh. n. Chr.</subfield></datafield><datafield ind1="0" ind2=" " tag="400"><subfield code="a">Adaeus,</subfield><subfield code="c">Rhetor</subfield><subfield code="d">1. Jh. n. Chr.</subfield></datafield><datafield ind1="0" ind2=" " tag="400"><subfield code="a">Adaios,</subfield><subfield code="c">von Makedonien</subfield><subfield code="d">1. Jh. n. Chr.</subfield></datafield><datafield ind1="0" ind2=" " tag="400"><subfield code="a">Adaios,</subfield><subfield code="c">Epigrammatiker des Philippos-Kranzes</subfield><subfield code="d">1. Jh. n. Chr.</subfield></datafield><datafield ind1="0" ind2=" " tag="400"><subfield code="a">Adaios,</subfield><subfield code="c">Epigrammdichter</subfield><subfield code="d">1. Jh. n. Chr.</subfield></datafield><datafield ind1="0" ind2=" " tag="400"><subfield code="a">Adaios,</subfield><subfield code="c">Rhetor</subfield><subfield code="d">1. Jh. n. Chr.</subfield></datafield><datafield ind1="0" ind2=" " tag="400"><subfield code="a">Adaeus,</subfield><subfield code="c">Lehrer des Arellius Fuscus</subfield><subfield code="d">1. Jh. n. Chr.</subfield></datafield><datafield ind1=" " ind2=" " tag="678"><subfield code="a">Identität des Epigrammatikers und Rhetors wahrscheinlich</subfield></datafield><datafield ind1=" " ind2=" " tag="910"><subfield code="a">epigrammata</subfield><subfield code="9">2</subfield></datafield><datafield ind1=" " ind2=" " tag="922"><subfield code="a">gw</subfield><subfield code="9">2</subfield></datafield><datafield ind1=" " ind2=" " tag="940"><subfield code="a">ger</subfield><subfield code="9">2</subfield></datafield><datafield ind1=" " ind2=" " tag="943"><subfield code="a">177x</subfield><subfield code="9">1</subfield></datafield><datafield ind1=" " ind2=" " tag="943"><subfield code="a">179x</subfield><subfield code="9">1</subfield></datafield><datafield ind1=" " ind2=" " tag="944"><subfield code="a">am</subfield><subfield code="9">2</subfield></datafield><datafield ind1=" " ind2=" " tag="999"><subfield code="a">BVB|BV004223248</subfield></datafield><datafield ind1=" " ind2=" " tag="999"><subfield code="a">BVB|BV004223264</subfield></datafield></record>